@manual{InfaPic,
  title = {Crop Identification},
  month = {May},
  year = {2011},
  note = {www.seos-project.eu/modules/agriculture/agriculture-c03-p03.html}
}
@book{RoboticExplorations,
 author = {Martin, Fred G.},
 title = {Robotic Explorations: A Hands-on Introduction to Engineering},
 year = {2000},
 isbn = {0130895687},
 edition = {1st},
 publisher = {Prentice Hall PTR},
 address = {Upper Saddle River, NJ, USA},
} 
@article{FlyingGator,
title = {The Flying Gator: Towards Aerial Robotics in occam-Ï€},
year = {2010},
author = {Ian Armstrong, Michel Pirrone-Brusse, Anthony Smith, Matthew Jadud},
edition = {1st}
}

@ONLINE{Gyro,
author = {sensorwiki.org},
title = {Gyroscope},
year = {2011},
note  = {http://sensorwiki.org/doku.php/sensors/gyroscope}
}